@article{derose2005,
  author    = {De Rose Júnior, Dante and Gaspar, Marcelo F. and Assumpção, Mário V.},
  title     = {Construção e validação preliminar de instrumento de avaliação do desempenho técnico-tático individual no basquetebol},
  journal   = {Revista de Educação Física/UEM},
  volume    = {16},
  number    = {2},
  pages     = {201--208},
  year      = {2005},
  url       = {https://www.scielo.br/j/refuem/a/FNrcSGnjgGgQ5bHNXMfSqmM/},
  urldate   = {2025-05-19}
}

@article{lamas2022,
  author    = {Lamas, Leonardo and Morales, Juan Carlos Pastor},
  title     = {Integração entre a análise do desempenho e o ensino-aprendizagem nos esportes coletivos},
  journal   = {Revista Brasileira de Ciências do Esporte},
  volume    = {44},
  year      = {2022},
  url       = {https://www.scielo.br/j/rbce/a/qxXX8bn463Y8PPMLbQtXFVG/},
  urldate   = {2025-05-19}
}

@article{canan2015,
  author    = {Canan, Fabiano and Mendes, João Carlos and Silva, Rafael Vicente da},
  title     = {Análise estatística no basquetebol de base: perfil do Campeonato Paranaense de Basquetebol masculino Sub-17},
  journal   = {Revista Brasileira de Educação Física e Esporte},
  volume    = {29},
  number    = {2},
  pages     = {289--302},
  year      = {2015},
  url       = {https://www.researchgate.net/publication/307763304},
  urldate   = {2025-05-19}
}

@misc{cbb,
  author = {Confederação Brasileira de Basquete},
  note   = {Acesso em 15 de maio de 2025},
  title  = {CBB},
  url    = {https://www.cbb.com.br/basquete},
  year   = {2025},
} 

@article{blei2003latent,
  author  = {CASEIRO A., COSTA M. J., OLIVEIRA D., VAZ J. R., CASTRO M. A.},
  journal = {Journal of machine Learning research},
  pages   = {25--33},
  title   = {Biomechanical parameters of the basketball jump shot: comparison between distances and experience level. Acta of Bioengineering and Biomechanics},
  volume  = {25},
  year    = {2023},
}

@article{blei2012probabilistic,
  author  = {CASEIRO A., COSTA M. J., OLIVEIRA D., VAZ J. R., CASTRO M. A.},
  journal = {Journal of machine Learning research},
  pages   = {25--33},
  title   = {Biomechanical parameters of the basketball jump shot: comparison between distances and experience level. Acta of Bioengineering and Biomechanics},
  volume  = {25},
  year    = {2023},
}

@article{chapman2000crisp,
  author  = {Chapman, Pete and Clinton, Julian and Kerber, Randy and Khabaza, Thomas and Reinartz, Thomas and Shearer, Colin and Wirth, Rudiger and others},
  journal = {SPSS inc},
  number  = {13},
  pages   = {1--73},
  title   = {CRISP-DM 1.0: Step-by-step data mining guide},
  volume  = {9},
  year    = {2000},
}

@article{Crompton_Burke_2023,
  author  = {Crompton, Helen and Burke, Diane},
  doi     = {10.1186/s41239-023-00392-8},
  journal = {International Journal of Educational Technology in Higher Education},
  month   = {4},
  number  = {1},
  title   = {Artificial Intelligence in higher education: The state of the field},
  volume  = {20},
  year    = {2023},
}

@inproceedings{fukuyama2018extracting,
  author    = {Fukuyama, Satoshi and Wakabayashi, Kei},
  booktitle = {Proceedings of the 20th International Conference on Information Integration and Web-based Applications \& Services},
  pages     = {365--369},
  title     = {Extracting time series variation of topic popularity in microblogs},
  year      = {2018},
} 

@book{han2022data,
  author    = {Han, Jiawei and Pei, Jian and Tong, Hanghang},
  publisher = {Morgan kaufmann},
  title     = {Data mining: concepts and techniques},
  year      = {2022},
}

@inproceedings{hofmann1999probabilistic,
  author    = {Hofmann, Thomas},
  booktitle = {Proceedings of the 22nd annual international ACM SIGIR conference on Research and development in information retrieval},
  pages     = {50--57},
  title     = {Probabilistic latent semantic indexing},
  year      = {1999},
}

@incollection{kerlinger2009metodologia,
  author    = {Kerlinger, Fred N},
  booktitle = {Metodologia da pesquisa em ci{\^e}ncias sociais: um tratamento conceitual},
  pages     = {xv--378},
  title     = {Metodologia da pesquisa em ci{\^e}ncias sociais: um tratamento conceitual},
  year      = {2009},
}

@inproceedings{lee2011twitter,
  author       = {Lee, Kathy and Palsetia, Diana and Narayanan, Ramanathan and Patwary, Md Mostofa Ali and Agrawal, Ankit and Choudhary, Alok},
  booktitle    = {2011 IEEE 11th international conference on data mining workshops},
  organization = {IEEE},
  pages        = {251--258},
  title        = {Twitter trending topic classification},
  year         = {2011},
}

@misc{Moura_2019,
  author  = {Moura, Karina},
  journal = {Medium},
  month   = {1},
  title   = {Ciclo de vida dos dados},
  url     = {https://medium.com/\@kvmoura/crisp-dm-79580b0d3ac4},
  year    = {2019},
}

@book{murthy2018twitter,
  author    = {Murthy, Dhiraj},
  publisher = {Polity Press Cambridge},
  title     = {Twitter},
  year      = {2018},
}

@article{Nature_2022,
  author  = {Nature},
  doi     = {10.1038/d41586-022-03210-9},
  journal = {Nature},
  month   = {10},
  number  = {7931},
  volume  = {610},
  year    = {2022},
} 

@thesis{pereira2019analise,
  author = {Mariana Pereira},
  school = {Universidade Federal da Fronteira Sul},
  title  = {Análise exploratória de tweets utilizando modelagem de tópicos para textos curtos: caso Olimpíadas Rio 2016},
  year   = {2019},
}

@thesis{pierre2022,
  author = {Jod Pierre},
  school = {Universidade Federal da Fronteira Sul},
  title  = {Utilização de modelagem de tópicos para identificar os assuntos mais discutidos sobre o Haiti no Twitter},
  year   = {2022},
}

@misc{Ping2018,
  author       = {David Ping and Bing Xiang and Julio Delgado Mangas and Ran Ding and Ramesh Nallapati},
  howpublished = {\url{https://aws.amazon.com/pt/blogs/machine-learning/introduction-to-the-amazon-sagemaker-neural-topic-model/}},
  note         = {Accessed: 2024-05-23},
  title        = {Introduction to the Amazon SageMaker Neural Topic Model},
  year         = {2018},
} 

@misc{scragg_2023,
  author  = {Scragg, Gracie},
  journal = {The Twitter to "X" Case Study: The IP Implications of Rebranding},
  month   = {9},
  title   = {The Twitter to "X" case study: The ip implications of rebranding},
  url     = {https://www.henryhughes.com/Site/news/the-twitter-to-x-case-study-the-ip-implications-of-rebrandig.aspx},
  year    = {2023},
} 

@article{shearer2000crisp,
  author    = {Shearer, Colin},
  journal   = {Journal of data warehousing},
  number    = {4},
  pages     = {13--22},
  publisher = {THE DATA WAREHOUSE INSTITUTE},
  title     = {The CRISP-DM model: the new blueprint for data mining},
  volume    = {5},
  year      = {2000},
}

@misc{singh2024,
  author       = {Shubham Singh},
  howpublished = {\url{https://www.demandsage.com/twitter-user-statistics-2024}},
  month        = {4},
  title        = {Twitter User Statistics 2024 | DAU \& MAU},
  year         = {2024},
}

@incollection{steyvers2007probabilistic,
  author    = {Steyvers, Mark and Griffiths, Tom},
  booktitle = {Handbook of latent semantic analysis},
  pages     = {439--460},
  publisher = {Psychology Press},
  title     = {Probabilistic topic models},
  year      = {2007},
}

@inproceedings{wirth2000crisp,
  author       = {Wirth, R{\"u}diger and Hipp, Jochen},
  booktitle    = {Proceedings of the 4th international conference on the practical applications of knowledge discovery and data mining},
  organization = {Manchester},
  pages        = {29--39},
  title        = {CRISP-DM: Towards a standard process model for data mining},
  volume       = {1},
  year         = {2000},
}

@inproceedings{witten2005practical,
  author       = {Witten, Ian H and Frank, Eibe and Hall, Mark A and Pal, Christopher J and Data, Mining},
  booktitle    = {Data mining},
  number       = {4},
  organization = {Elsevier Amsterdam, The Netherlands},
  pages        = {403--413},
  title        = {Practical machine learning tools and techniques},
  volume       = {2},
  year         = {2005},
}

@inproceedings{yan2013biterm,
  author    = {Yan, Xiaohui and Guo, Jiafeng and Lan, Yanyan and Cheng, Xueqi},
  booktitle = {Proceedings of the 22nd international conference on World Wide Web},
  pages     = {1445--1456},
  title     = {A biterm topic model for short texts},
  year      = {2013},
}
